<record><leader>00000cas a2200000 a 4500</leader><controlfield tag="001">46869121</controlfield><controlfield tag="008">010503d18951899iludn ne      0   a0eng c</controlfield><datafield ind1=" " ind2=" " tag="010"><subfield code="a">sn2001063209</subfield></datafield><datafield ind1=" " ind2=" " tag="040"><subfield code="a">NVF</subfield><subfield code="b">eng</subfield><subfield code="c">NVF</subfield><subfield code="d">NVF</subfield><subfield code="d">OCLCF</subfield><subfield code="d">DLC</subfield><subfield code="d">OCLCO</subfield></datafield><datafield ind1="1" ind2=" " tag="029"><subfield code="a">AU@</subfield><subfield code="b">000022685308</subfield></datafield><datafield ind1=" " ind2=" " tag="042"><subfield code="a">pcc</subfield></datafield><datafield ind1=" " ind2=" " tag="043"><subfield code="a">n-us-il</subfield></datafield><datafield ind1="0" ind2=" " tag="130"><subfield code="a">Daily leader (Bloomington, Ill. : 1895)</subfield></datafield><datafield ind1="1" ind2="4" tag="245"><subfield code="a">The daily leader.</subfield></datafield><datafield ind1="1" ind2="7" tag="246"><subfield code="a">Bloomington leader</subfield></datafield><datafield ind1="1" ind2=" " tag="246"><subfield code="i">Published on Sundays as:</subfield><subfield code="a">Bloomington Sunday leader</subfield><subfield code="f">Dec. 29, 1895-Jan. 24, 1896</subfield></datafield><datafield ind1="1" ind2=" " tag="246"><subfield code="i">Published on Sundays as:</subfield><subfield code="a">Sunday leader</subfield><subfield code="f">Jan. 26, 1896-&lt;Aug. 31, 1898&gt;</subfield></datafield><datafield ind1=" " ind2=" " tag="260"><subfield code="a">Bloomington, Ill. :</subfield><subfield code="b">Leader Pub. Co.,</subfield><subfield code="c">1895-1899.</subfield></datafield><datafield ind1=" " ind2=" " tag="300"><subfield code="a">v.</subfield></datafield><datafield ind1=" " ind2=" " tag="310"><subfield code="a">Daily (except Saturday)</subfield></datafield><datafield ind1="0" ind2=" " tag="362"><subfield code="a">Vol. 27, no. 275 (Dec. 16, 1895)-</subfield></datafield><datafield ind1="1" ind2=" " tag="362"><subfield code="a">Ceased in 1899.</subfield></datafield><datafield ind1=" " ind2=" " tag="515"><subfield code="a">Continues the numbering of Bloomington leader.</subfield></datafield><datafield ind1=" " ind2=" " tag="530"><subfield code="a">Preservation microfilmed by the University of Illinois at Urbana-Champaign Library as part of the United States Newspaper Program; the years 1895-1898 (on 6 microfilm reels) are available for purchase from OCLC Preservation Service Centers.</subfield></datafield><datafield ind1=" " ind2=" " tag="588"><subfield code="a">Latest issue consulted: Mar. 5, 1899.</subfield></datafield><datafield ind1=" " ind2="0" tag="651"><subfield code="a">Bloomington (Ill.)</subfield><subfield code="v">Newspapers.</subfield></datafield><datafield ind1=" " ind2="7" tag="651"><subfield code="a">Illinois</subfield><subfield code="z">Bloomington.</subfield><subfield code="2">fast</subfield><subfield code="0">(OCoLC)fst01205022</subfield></datafield><datafield ind1=" " ind2="7" tag="655"><subfield code="a">Newspapers.</subfield><subfield code="2">fast</subfield><subfield code="0">(OCoLC)fst01423814</subfield></datafield><datafield ind1=" " ind2=" " tag="752"><subfield code="a">United States</subfield><subfield code="b">Illinois</subfield><subfield code="c">McLean</subfield><subfield code="d">Bloomington.</subfield></datafield><datafield ind1="0" ind2=" " tag="775"><subfield code="t">Weekly leader (Bloomington, Ill.)</subfield><subfield code="w">(DLC)sn 82014579</subfield><subfield code="w">(OCoLC)8786696</subfield></datafield><datafield ind1="0" ind2="0" tag="780"><subfield code="t">Bloomington leader</subfield><subfield code="w">(DLC)sn2001063208</subfield><subfield code="w">(OCoLC)46869084</subfield></datafield><datafield ind1="0" ind2="4" tag="785"><subfield code="t">Daily bulletin (Bloomington, Ill.)</subfield><subfield code="w">(DLC)sn 84024155</subfield><subfield code="w">(OCoLC)10582625</subfield></datafield></record>